@online{arm-cm0ds,
	title = {DesignStart for Processor IP},
	organization = {ARM},
	url = {http://www.arm.com/products/processors/designstart-processor-ip/}
}

@online{cm0ds-architecture,
	title = {ARM Cortex-M0 DesignStart Processor and V6-M Architecture},
	author = {Joe Bungo},
	organization = {ARM},
	url = {http://www.sase.com.ar/2012/files/2012/09/M0_v6M_Q312.pdf}
}

@online{nexys3-store,
	title = {Nexys 3 Spartan-6 FPGA Trainer Board (LIMITED TIME) >> see Nexys4 DDR},
	organization = {Digilent},
	url = {http://store.digilentinc.com/nexys-3-spartan-6-fpga-trainer-board-limited-time-see-nexys4-ddr/}
}

@online{nexys4-store,
	title = {Nexys 4 DDR Artix-7 FPGA: Trainer Board Recommended for ECE Curriculum},
	organization = {Digilent},
	url = {http://store.digilentinc.com/nexys-4-ddr-artix-7-fpga-trainer-board-recommended-for-ece-curriculum}
}

@online{ise-64bit,
	title = {Guide: Getting Xilinx ISE to work with Windows 8 / Windows 10 (64-bit)},
	url = {http://www.eevblog.com/forum/microcontrollers/guide-getting-xilinx-ise-to-work-with-windows-8-64-bit/}
}

@online{vmodmib-store,
	title = {VmodMIB: VHDC Module Interface Board},
	organization = {Digilent},
	url = {http://store.digilentinc.com/vmodmib-vhdc-module-interface-board/}
}

@online{ise-download,
	title = {Multi-File Download: ISE Design - 14.6 Full Product Installation},
	organization = {Xilinx},
	url = {http://www.xilinx.com/support/download/index.html/content/xilinx/en/downloadNav/design-tools/v2012_4---14_6.html}
}

@online{adept-download,
	title = {Digilent Adept 2},
	organization = {Digilent},
	url = {https://reference.digilentinc.com/digilent_adept_2}
}

@online{keil-download,
	title = {MDK Microcontroller Development Kit},
	organization = {ARM},
	url = {http://www2.keil.com/mdk5}
}

@online{bin2coe-download,
	title = {Bin2Coe},
	url = {https://sourceforge.net/projects/bin2coe/}
}

@manual{cortex-m0-generic-ug,
	title = {Cortex-M0 Devices Generic User Guide},
	year = {2009},
	organization = {ARM},
	url = {http://infocenter.arm.com/help/topic/com.arm.doc.dui0497a/DUI0497A_cortex_m0_r0p0_generic_ug.pdf}
}

@manual{ahb-lite-spec,
	title = {AMBA 3 AHB-Lite Protocol Specification},
	year = {2008},
	version = {1.0},
	organization = {ARM},
	url = {http://infocenter.arm.com/help/index.jsp?topic=/com.arm.doc.ihi0033a/index.html}
}

@manual{apb-spec,
	title = {AMBA 3 APB Protocol Specification},
	year = {2008},
	version = {1.0},
	organization = {ARM},
	url = {http://infocenter.arm.com/help/index.jsp?topic=/com.arm.doc.ihi0024b/index.html}
}

@manual{linker-reference,
	title = {ARM compiler toolchain},
	subtitle = {Linker Reference},
	version = {5.0},
	organization = {ARM},
	year = {2011},
	url = {http://infocenter.arm.com/help/topic/com.arm.doc.dui0493e/DUI0493E_arm_linker_reference.pdf}	
}

@online{ahblite-mit,
	title = {ARM AMBA 3 AHB-Lite},
	author = {Karthik Shivashankar},
	organization = {ARM},
	url = {http://web.mit.edu/clarkds/www/Files/ahblite.pdf}
}

@inproceedings{async-fifo,
	author = {Clifford E Cummings, Peter Alfke},
	title = {Simulation and Synthesis Techniques for Asynchronous FIFO Design with Asynchronous Pointer Comparisons},
	booktitle = {SNUG 2002 (Synopsys Userse Group Conference, San Jose, CA, 2002) User Papers},
	organization = {Sunburst Design},
	year = {2002},
	url = {http://www.sunburst-design.com/papers/CummingsSNUG2002SJ_FIFO2.pdf}	
}

@online{cmsdk,
	title = {Cortex-M System Design Kit},
	organization = {ARM},
	url = {https://www.arm.com/products/processors/cortex-m/cortex-m-system-design-kit.php}
}

@manual{chipscope-pro-tutorial,
	title = {ISE Tutorial: Using Xilinx ChipScope Pro ILA Core with Project Navigator to Debug FPGA Applications},
	year = {2013},
	version = {14.5},
	organization = {Xilinx},
	url = {http://www.xilinx.com/support/documentation/sw_manuals/xilinx14_6/ug750.pdf}	
}

@article{parallel-crc,
	author = {Evgeni Stavinov},
	title = {A Practical Parallel CRC Generation Method},
	month = {January},
	year = {2010},
	number = {234},
	journal = {Circuit Cellar},
	pages = {38-45},
	url = {http://outputlogic.com/my-stuff/circuit-cellar-january-2010-crc.pdf}
}

@article{15-4-standard, 
	journal={IEEE Std 802.15.4-2011 (Revision of IEEE Std 802.15.4-2006)}, 
	title={IEEE Standard for Local and metropolitan area networks--Part 15.4: Low-Rate Wireless Personal Area Networks (LR-WPANs)}, 
	year={2011}, 
	pages={1-314}, 
	doi={10.1109/IEEESTD.2011.6012487}, 
	month={Sept},
	url={http://ieeexplore.ieee.org/servlet/opac?punumber=6012485}
}

@online{openwsn,
	title={OpenWSN Home},
	url={https://openwsn.atlassian.net/wiki/display/OW?src=breadcrumbs-homepage}
}

@online{openwsn-hw,
	title={Hardware},
	url={https://openwsn.atlassian.net/wiki/display/OW/Hardware}
}

@article{jtag, 
	journal={IEEE Std 1149.1-2001}, 
	title={IEEE Standard Test Access Port and Boundary Scan Architecture}, 
	year={2001}, 
	pages={1-212},  
	doi={10.1109/IEEESTD.2001.92950}, 
	month={July}
}

@techreport{cadence-paper,
	author = {John Notor and Anthony Caviglia and Gary Levy},
	title = {CMOS RFIC Architectures for IEEE 802.15.4 Networks},
	institution = {Cadence Design Systems, Inc},
	year = {2003},
	url = {https://www.cadence.com/rl/Resources/white_papers/CMOSRFICArchforIEEE80215.pdf}
}

@INPROCEEDINGS{eco, 
	author={C. Park and J. Liu and P. H. Chou}, 
	booktitle={Information Processing in Sensor Networks, 2005. IPSN 2005. Fourth International Symposium on}, 
	title={Eco: an ultra-compact low-power wireless sensor node for real-time motion monitoring}, 
	year={2005}, 
	pages={398-403}, 
	keywords={computer network management;environmental management;hardware-software codesign;medicine;radio links;real-time systems;user interfaces;wireless sensor networks;Eco;ambient intelligence;computer-human interface;environmental monitoring;hardware-software design;medicine;power consumption;radio link;real-time motion monitoring;ultra-compact wireless sensor node;Ambient intelligence;Application software;Computer interfaces;Computerized monitoring;Energy consumption;Hardware;Pediatrics;Pervasive computing;Radio link;Wireless sensor networks}, 
	doi={10.1109/IPSN.2005.1440956}, 
	month={April},}

@INPROCEEDINGS{energy, 
	author={R. Send and Q. R. Xu and I. Paprotny and R. M. White and P. K. Wright}, 
	booktitle={SENSORS, 2013 IEEE}, 
	title={Granular Radio EnErgy-sensing Node (GREEN): A 0.56 cm3 wireless stick-on node for non-intrusive energy monitoring}, 
	year={2013}, 
	pages={1-4}, 
	keywords={power measurement;radiotelemetry;real-time systems;wireless sensor networks;Atmel 2564RFR2 microcontroller;GMR magnetic sensor;GREEN device;battery unit;electric circuits;granular radio energy-sensing node;internal Zigbee-compatible radio transceiver;low power consumption;nonintrusive energy monitoring;real-time energy monitoring system;residential circuit breaker panel;self-calibration;ultra-small wireless sensor node;wireless stick-on node;Batteries;Capacitors;Current measurement;Green products;Microcontrollers;Sensors;Wires}, 
	doi={10.1109/ICSENS.2013.6688133}, 
	ISSN={1930-0395}, 
	month={Nov},}

@INPROCEEDINGS{transportation, 
	author={A. C. K. Chan and S. Okochi and K. Higuchi and T. Nakamura and H. Kitamura and J. Kimura and T. Fujita and K. Maenaka}, 
	booktitle={Systems, Man, and Cybernetics (SMC), 2012 IEEE International Conference on}, 
	title={Low power wireless sensor node for human centered transportation system}, 
	year={2012}, 
	pages={1542-1545}, 
	keywords={accelerometers;altimeters;humidity sensors;radio transceivers;road traffic control;temperature sensors;wireless sensor networks;3-axes accelerometer;MCU;RF repeater;RF transceiver module;WSN;altimeter sensor;bit rate 24 kbit/s;coin-sized lithium battery;frequency 315 MHz;human centered transportation system;humidity sensor;low power wireless sensor node;mass 7 g;road conditions;sensor node operation control;temperature sensor;traffic congestion;vehicle accidents;voltage 3 V;wireless sensor network;Batteries;Radio frequency;Repeaters;Transceivers;Transportation;Wireless communication;Wireless sensor networks;315 MHz RF transceiver;Lightweight;Low power consumption;Small-sized;Wireless sensor node}, 
	doi={10.1109/ICSMC.2012.6377955}, 
	month={Oct},}

@ARTICLE{japan, 
	author={J. Lu and H. Okada and T. Itoh and T. Harada and R. Maeda}, 
	journal={IEEE Sensors Journal}, 
	title={Toward the World Smallest Wireless Sensor Nodes With Ultralow Power Consumption}, 
	year={2014}, 
	volume={14}, 
	number={6}, 
	pages={2035-2041}, 
	keywords={antennas;energy management systems;humidity sensors;integrated circuit interconnections;power consumption;signal processing;temperature sensors;wireless sensor networks;1P6M logic process;analog sensor;buried bump interconnection technology;customized IC;data transmission;digital sensor;electrical block integration;energy consumption;flexible antenna;general purpose interface;green sensor network;humidity monitoring;layout-free distribution;layout-free integration;layout-free ubiquitous application;optimization;production cost;remote sensing system;signal processing;size 0.18 mum;temperature monitoring;ultralow power consumption;voltage 1.8 V;voltage 3.3 V;wireless sensor node;Integrated circuits;Prototypes;Sensor systems;Temperature sensors;Wireless communication;Wireless sensor networks;Integration;buried bump interconnection technology;integration;low power consumption;wireless sensor node}, 
	doi={10.1109/JSEN.2014.2309176}, 
	ISSN={1530-437X}, 
	month={June},}

@manual{msp430,
	organization={Texas Instruments},
	title={MSP430F15x, MSP430F16x, MSP430F161x Mixed Signal Microcontroller},
	number={SLAS368G},
	year={2011},
	month={March},
	url={http://www.ti.com/lit/ds/slas368g/slas368g.pdf}
}

@manual{cc2538,
	organization={Texas Instruments},
	title={CC2538 Powerfull Wireless Microcontroller System-On-Chip for 2.4-GHz IEEE 802.15.4, 6LoWPAN, and ZigBee Applications},
	number={SWRS096D},
	year={2015},
	month={April},
	url={http://www.ti.com/lit/ds/symlink/cc2538.pdf}
}

@INPROCEEDINGS{ali-radio, 
	author={M. Tabesh and M. Rangwala and A. M. Niknejad and A. Arbabian}, 
	booktitle={2014 Symposium on VLSI Circuits Digest of Technical Papers}, 
	title={A power-harvesting pad-less mm-sized 24/60GHz passive radio with on-chip antennas}, 
	year={2014}, 
	pages={1-2}, 
	ISSN={2158-5601}, 
	month={June}
}

@INPROCEEDINGS{optical-wakeup, 
	author={G. Kim and Y. Lee and S. Bang and I. Lee and Y. Kim and D. Sylvester and D. Blaauw}, 
	booktitle={Proceedings of the IEEE 2012 Custom Integrated Circuits Conference}, 
	title={A 695 pW standby power optical wake-up receiver for wireless sensor nodes}, 
	year={2012}, 
	pages={1-4},  
	doi={10.1109/CICC.2012.6330603}, 
	ISSN={0886-5930}, 
	month={Sept}
}

@online{mmm,
	title={Michigan Mirco Mote (M3) Makes History},
	author={University of Michigan Electrical Engineering and Computer Science},
	month={March},
	year={2015},
	day={17},
	url={http://www.eecs.umich.edu/eecs/about/articles/2015/Worlds-Smallest-Computer-Michigan-Micro-Mote.html}	
}